@book{CameronRosenblattRaymond1996,
author={Cameron, Debra and Rosenblatt, Bill and Eric, Raymond},
title={Learning GNU Emacs},
publisher={O'Reilly \& Associates},
location={United States of America},
edition={2},
year={1996},
hyphenation={english}
}

@book{Hahn2016,
author={Hahn, Harley},
title={Harley Hahn's Emacs Field Guide},
publisher={Springer Science \& Business Media},
location={Santa Barbara, California, USA},
edition={1},
year={2016},
hyphenation={english}
}

@online{EmacsManual,
title = {The Emacs Editor},
year = {2018},
url = {https://www.gnu.org/software/emacs/manual/html_mono/emacs.html},
urldate={2018-08-03},
}

@online{EmacsLisp,
title = {An Introduction to Pramming in Emacs Lisp},
year = {2018},
url = {https://www.gnu.org/software/emacs/manual/html_mono/eintr.html},
urldate={2018-08-03},
}

@online{OrgMode,
title = {Org Mode},
year = {2018},
url = {https://orgmode.org/org.html},
urldate={2018-07-30},
}

@online{PufferInEmacs,
title = {Puffer in Emacs},
year = {2018},
url = {https://www.gnu.org/software/emacs/manual/html_node/emacs/Buffers.html},
urldate={2018-07-31},
}

@online{EmacsInitfile,
title = {Initialisierungsdatei in Emacs},
year = {2018},
url = {https://www.gnu.org/software/emacs/manual/html_node/emacs/Init-File.html},
urldate={2018-07-31},
}

@online{UsePackage,
title = {use-package},
year = {2018},
url = {https://github.com/jwiegley/use-package},
urldate={2018-08-06},
}

@online{Avy,
title = {avy},
year = {2017},
url = {https://github.com/abo-abo/avy},
urldate={2018-08-06},
}

@online{Swiper,
title = {swiper},
year = {2018},
url = {https://github.com/abo-abo/swiper#swiper},
urldate={2018-08-06},
}

@online{Ivy,
title = {ivy},
year = {2018},
url = {https://github.com/abo-abo/swiper#ivy},
urldate={2018-08-06},
}

@online{Counsel,
title = {counsel},
year = {2018},
url = {https://github.com/abo-abo/swiper#counsel},
urldate={2018-08-06},
}

@online{AutoComplete,
title = {auto-complete},
year = {2016},
url = {https://github.com/auto-complete/auto-complete},
urldate={2018-08-06},
}

@online{OrgAC,
title = {org-ac},
year = {2014},
url = {https://github.com/aki2o/org-ac},
urldate={2018-08-06},
}

@online{Company,
title = {company},
year = {2018},
url = {http://company-mode.github.io/},
urldate={2018-08-06},
}

@online{AceWindow,
title = {ace-window},
year = {2018},
url = {https://github.com/abo-abo/ace-window},
urldate={2018-08-06},
}

@online{Try,
title = {Try},
year = {2016},
url = {https://github.com/larstvei/Try},
urldate={2018-08-06},
}

@online{WhichKey,
title = {which-key},
year = {2017},
url = {https://github.com/justbur/emacs-which-key},
urldate={2018-08-06},
}

@online{HungryDelete,
title = {hungry-delete},
year = {2017},
url = {https://github.com/nflath/hungry-delete},
urldate={2018-08-06},
}

@online{ExpandRegion,
title = {expand-region},
year = {2018},
url = {https://github.com/magnars/expand-region.el},
urldate={2018-08-14},
}

@online{MultipleCursors,
title = {multiple-cursors},
year = {2017},
url = {https://github.com/magnars/multiple-cursors.el},
urldate={2018-08-14},
}

@online{Flyspell,
title = {flypell},
year = {2007},
url = {http://www-sop.inria.fr/members/Manuel.Serrano/flyspell/flyspell.html},
urldate={2018-08-14},
}

@online{UndoTree,
title = {Undo Tree},
year = {2016},
url = {https://www.emacswiki.org/emacs/UndoTree},
urldate={2018-07-30},
}

@online{Smartparens,
title = {smartparens},
year = {2018},
url = {https://github.com/Fuco1/smartparens},
urldate={2018-08-14},
}

@online{Hydra,
title = {hydra},
year = {2018},
url = {https://github.com/abo-abo/hydra},
urldate={2018-08-14},
}

@online{Projectile,
title = {projectile},
year = {2018},
url = {https://github.com/bbatsov/projectile},
urldate={2018-08-14},
}

@online{Magit,
title = {Magit User Manual},
year = {2018},
url = {https://magit.vc/manual/magit/},
urldate={2018-08-06},
}

@online{Powerline,
title = {powerline},
year = {2015},
url = {https://github.com/milkypostman/powerline},
urldate={2018-08-14},
}

@online{ModeIcons,
title = {mode-icons},
year = {2016},
url = {https://github.com/ryuslash/mode-icons},
urldate={2018-08-14},
}

@online{TabbarRuler,
title = {tabbar-ruler},
year = {2015},
url = {https://github.com/mattfidler/tabbar-ruler.el},
urldate={2018-08-14},
}

@online{Tabbar,
title = {tabbar},
year = {2013},
url = {https://github.com/dholm/tabbar},
urldate={2018-08-14},
}

@online{OrgBullets,
title = {org-bullets},
year = {2012},
url = {https://github.com/sabof/org-bullets},
urldate={2018-08-14},
}

@online{Treemacs,
title = {treemacs},
year = {2018},
url = {https://github.com/Alexander-Miller/treemacs},
urldate={2018-08-14},
}

@online{Ag,
title = {ag},
year = {2017},
url = {https://github.com/Wilfred/ag.el},
urldate={2018-08-16},
}

@online{DumbJump,
title = {dumb-jump},
year = {2018},
url = {https://github.com/jacktasia/dumb-jump},
urldate={2018-08-16},
}

@online{CTags,
title = {ctags},
year = {2017},
url = {https://github.com/universal-ctags/ctags},
urldate={2018-08-06},
}

@online{Yasnippet,
title = {yasnippet},
year = {2018},
url = {https://github.com/joaotavora/yasnippet},
urldate={2018-08-16},
}

@online{YasnippetSnippets,
title = {yasnippet-snippets},
year = {2018},
url = {https://github.com/AndreaCrotti/yasnippet-snippets},
urldate={2018-08-16},
}

@online{Flycheck,
title = {flycheck},
year = {2017},
url = {http://www.flycheck.org/en/latest/},
urldate={2018-08-16},
}

@online{Irony,
title = {irony-mode},
year = {2017},
url = {https://github.com/Sarcasm/irony-mode},
urldate={2018-08-16},
}

@online{CompanyIrony,
title = {company-irony},
year = {2015},
url = {https://github.com/Sarcasm/company-irony},
urldate={2018-08-16},
}

@online{CompanyIronyCHeaders,
title = {company-irony-c-headers},
year = {2018},
url = {https://github.com/hotpxl/company-irony-c-headers},
urldate={2018-08-16},
}

@online{Elpy,
title = {Elpy},
year = {2014},
url = {https://elpy.readthedocs.io/en/latest/index.html},
urldate={2018-08-16},
}

@online{MagitGuide,
title = {Magit Walk Through},
year = {2018},
url = {https://emacsair.me/2017/09/01/magit-walk-through/},
urldate={2018-08-17},
}
